@BOOK{2010trex.book.....H,
       author = {{Haswell}, Carole A.},
        title = "{Transiting Exoplanets}",
         year = 2010,
       adsurl = {https://ui.adsabs.harvard.edu/abs/2010trex.book.....H},
      adsnote = {Provided by the SAO/NASA Astrophysics Data System}
}

@INPROCEEDINGS{2007prpl.conf..701C,
       author = {{Charbonneau}, D. and {Brown}, T.~M. and {Burrows}, A. and {Laughlin}, G.},
        title = "{When Extrasolar Planets Transit Their Parent Stars}",
     keywords = {Astrophysics},
    booktitle = {Protostars and Planets V},
         year = 2007,
       editor = {{Reipurth}, Bo and {Jewitt}, David and {Keil}, Klaus},
        month = jan,
        pages = {701},
archivePrefix = {arXiv},
       eprint = {astro-ph/0603376},
 primaryClass = {astro-ph},
       adsurl = {https://ui.adsabs.harvard.edu/abs/2007prpl.conf..701C},
      adsnote = {Provided by the SAO/NASA Astrophysics Data System}
}

@INBOOK{2010exop.book...55W,
       author = {{Winn}, J.~N.},
        title = "{Exoplanet Transits and Occultations}",
    booktitle = {Exoplanets},
         year = 2010,
       editor = {{Seager}, S.},
        pages = {55-77},
       adsurl = {https://ui.adsabs.harvard.edu/abs/2010exop.book...55W},
      adsnote = {Provided by the SAO/NASA Astrophysics Data System}
}

@INPROCEEDINGS{2009IAUS..253...99W,
       author = {{Winn}, Joshua N.},
        title = "{Measuring accurate transit parameters}",
     keywords = {Astrophysics},
    booktitle = {Transiting Planets},
         year = 2009,
       editor = {{Pont}, Fr{\'e}d{\'e}ric and {Sasselov}, Dimitar and {Holman}, Matthew J.},
       volume = {253},
        month = feb,
        pages = {99-109},
          doi = {10.1017/S174392130802629X},
archivePrefix = {arXiv},
       eprint = {0807.4929},
 primaryClass = {astro-ph},
       adsurl = {https://ui.adsabs.harvard.edu/abs/2009IAUS..253...99W},
      adsnote = {Provided by the SAO/NASA Astrophysics Data System}
}

@ARTICLE{2019A&A...623A.137H,
       author = {{Heller}, Ren{\'e}},
        title = "{Analytic solutions to the maximum and average exoplanet transit depth for common stellar limb darkening laws}",
      journal = {\aap},
     keywords = {eclipses, methods: analytical, planets and satellites: detection, stars: atmospheres, planetary systems, techniques: photometric, Astrophysics - Earth and Planetary Astrophysics, Astrophysics - Solar and Stellar Astrophysics},
         year = 2019,
        month = mar,
       volume = {623},
          eid = {A137},
        pages = {A137},
          doi = {10.1051/0004-6361/201834620},
archivePrefix = {arXiv},
       eprint = {1901.01730},
 primaryClass = {astro-ph.EP},
       adsurl = {https://ui.adsabs.harvard.edu/abs/2019A&A...623A.137H},
      adsnote = {Provided by the SAO/NASA Astrophysics Data System}
}

@ARTICLE{2003ApJ...585.1038S,
       author = {{Seager}, S. and {Mall{\'e}n-Ornelas}, G.},
        title = "{A Unique Solution of Planet and Star Parameters from an Extrasolar Planet Transit Light Curve}",
      journal = {\apj},
     keywords = {Stars: Binaries: Eclipsing, Stars: Planetary Systems, Techniques: Photometric, Astrophysics},
         year = 2003,
        month = mar,
       volume = {585},
       number = {2},
        pages = {1038-1055},
          doi = {10.1086/346105},
archivePrefix = {arXiv},
       eprint = {astro-ph/0206228},
 primaryClass = {astro-ph},
       adsurl = {https://ui.adsabs.harvard.edu/abs/2003ApJ...585.1038S},
      adsnote = {Provided by the SAO/NASA Astrophysics Data System}
}
@ARTICLE{2020AJ....159..123A,
       author = {{Agol}, Eric and {Luger}, Rodrigo and {Foreman-Mackey}, Daniel},
        title = "{Analytic Planetary Transit Light Curves and Derivatives for Stars with Polynomial Limb Darkening}",
      journal = {\aj},
     keywords = {486, 489, 1709, 293, 1855, 38, 1711, 918, 442, 922, Astrophysics - Earth and Planetary Astrophysics, Astrophysics - Instrumentation and Methods for Astrophysics},
         year = 2020,
        month = mar,
       volume = {159},
       number = {3},
          eid = {123},
        pages = {123},
          doi = {10.3847/1538-3881/ab4fee},
archivePrefix = {arXiv},
       eprint = {1908.03222},
 primaryClass = {astro-ph.EP},
       adsurl = {https://ui.adsabs.harvard.edu/abs/2020AJ....159..123A},
      adsnote = {Provided by the SAO/NASA Astrophysics Data System}
}

@ARTICLE{2002ApJ...580L.171M,
       author = {{Mandel}, Kaisey and {Agol}, Eric},
        title = "{Analytic Light Curves for Planetary Transit Searches}",
      journal = {\apjl},
     keywords = {Stars: Binaries: Eclipsing, Eclipses, Occultations, Stars: Planetary Systems, Astrophysics},
         year = 2002,
        month = dec,
       volume = {580},
       number = {2},
        pages = {L171-L175},
          doi = {10.1086/345520},
archivePrefix = {arXiv},
       eprint = {astro-ph/0210099},
 primaryClass = {astro-ph},
       adsurl = {https://ui.adsabs.harvard.edu/abs/2002ApJ...580L.171M},
      adsnote = {Provided by the SAO/NASA Astrophysics Data System}
}
@MISC{2019ascl.soft10005F,
       author = {{Foreman-Mackey}, Dan},
        title = "{exoplanet: Probabilistic modeling of transit or radial velocity observations of exoplanets}",
     keywords = {Software},
         year = 2019,
        month = oct,
          eid = {ascl:1910.005},
        pages = {ascl:1910.005},
archivePrefix = {ascl},
       eprint = {1910.005},
       adsurl = {https://ui.adsabs.harvard.edu/abs/2019ascl.soft10005F},
      adsnote = {Provided by the SAO/NASA Astrophysics Data System}
}

@ARTICLE{2015PASP..127.1161K,
       author = {{Kreidberg}, Laura},
        title = "{batman: BAsic Transit Model cAlculatioN in Python}",
      journal = {\pasp},
     keywords = {Astrophysics - Earth and Planetary Astrophysics},
         year = 2015,
        month = nov,
       volume = {127},
       number = {957},
        pages = {1161},
          doi = {10.1086/683602},
archivePrefix = {arXiv},
       eprint = {1507.08285},
 primaryClass = {astro-ph.EP},
       adsurl = {https://ui.adsabs.harvard.edu/abs/2015PASP..127.1161K},
      adsnote = {Provided by the SAO/NASA Astrophysics Data System}
}


@article{Parviainen2015,
  author = {Parviainen, Hannu},
  doi = {10.1093/mnras/stv894},
  journal = {MNRAS},
  number = {April},
  pages = {3233--3238},
  title = {{PYTRANSIT: fast and easy exoplanet transit modelling in PYTHON}},
  url = {http://mnras.oxfordjournals.org/cgi/doi/10.1093/mnras/stv894},
  volume = {450},
  year = {2015}
}
@ARTICLE{2019arXiv190709480E,
       author = {{Eastman}, Jason D. and {Rodriguez}, Joseph E. and {Agol}, Eric and {Stassun}, Keivan G. and {Beatty}, Thomas G. and {Vanderburg}, Andrew and {Gaudi}, B. Scott and {Collins}, Karen A. and {Luger}, Rodrigo},
        title = "{EXOFASTv2: A public, generalized, publication-quality exoplanet modeling code}",
      journal = {arXiv e-prints},
     keywords = {Astrophysics - Earth and Planetary Astrophysics, Astrophysics - Instrumentation and Methods for Astrophysics},
         year = 2019,
        month = jul,
          eid = {arXiv:1907.09480},
        pages = {arXiv:1907.09480},
archivePrefix = {arXiv},
       eprint = {1907.09480},
 primaryClass = {astro-ph.EP},
       adsurl = {https://ui.adsabs.harvard.edu/abs/2019arXiv190709480E},
      adsnote = {Provided by the SAO/NASA Astrophysics Data System}
}

@ARTICLE{2019MNRAS.490.2262E,
       author = {{Espinoza}, N{\'e}stor and {Kossakowski}, Diana and {Brahm}, Rafael},
        title = "{juliet: a versatile modelling tool for transiting and non-transiting exoplanetary systems}",
      journal = {\mnras},
     keywords = {methods: data analysis, methods: statistical, techniques: photometric, techniques: radial velocities, planets and satellites: fundamental parameters, planets and satellites: individual: K2-140b, K2-32b, c, d, Astrophysics - Earth and Planetary Astrophysics},
         year = "2019",
        month = "Dec",
       volume = {490},
       number = {2},
        pages = {2262-2283},
          doi = {10.1093/mnras/stz2688},
archivePrefix = {arXiv},
       eprint = {1812.08549},
 primaryClass = {astro-ph.EP},
       adsurl = {https://ui.adsabs.harvard.edu/abs/2019MNRAS.490.2262E},
      adsnote = {Provided by the SAO/NASA Astrophysics Data System}
}

@ARTICLE{2014A&A...572A...2B,
       author = {{Bonomo}, A.~S. and {Sozzetti}, A. and {Lovis}, C. and {Malavolta}, L. and {Rice}, K. and {Buchhave}, L.~A. and {Sasselov}, D. and {Cameron}, A.~C. and {Latham}, D.~W. and {Molinari}, E. and {Pepe}, F. and {Udry}, S. and {Affer}, L. and {Charbonneau}, D. and {Cosentino}, R. and {Dressing}, C.~D. and {Dumusque}, X. and {Figueira}, P. and {Fiorenzano}, A.~F.~M. and {Gettel}, S. and {Harutyunyan}, A. and {Haywood}, R.~D. and {Horne}, K. and {Lopez-Morales}, M. and {Mayor}, M. and {Micela}, G. and {Motalebi}, F. and {Nascimbeni}, V. and {Phillips}, D.~F. and {Piotto}, G. and {Pollacco}, D. and {Queloz}, D. and {S{\'e}gransan}, D. and {Szentgyorgyi}, A. and {Watson}, C.},
        title = "{Characterization of the planetary system Kepler-101 with HARPS-N. A hot super-Neptune with an Earth-sized low-mass companion}",
      journal = {\aap},
     keywords = {planetary systems, stars: fundamental parameters, techniques: photometric, techniques: radial velocities, techniques: spectroscopic, Astrophysics - Earth and Planetary Astrophysics},
         year = 2014,
        month = dec,
       volume = {572},
          eid = {A2},
        pages = {A2},
          doi = {10.1051/0004-6361/201424617},
archivePrefix = {arXiv},
       eprint = {1409.4592},
 primaryClass = {astro-ph.EP},
       adsurl = {https://ui.adsabs.harvard.edu/abs/2014A&A...572A...2B},
      adsnote = {Provided by the SAO/NASA Astrophysics Data System}
}



